<?xml version="1.0" encoding="UTF-8"?><collection xmlns="http://www.loc.gov/MARC21/slim"><record><leader>00301nam--2200121-i-4500</leader><controlfield tag="001">000031068</controlfield><controlfield tag="002">20161230</controlfield><controlfield tag="005">20161230201038</controlfield><controlfield tag="008">060222s1000------------r-----000-0-eng-d</controlfield><datafield ind1=" " ind2=" " tag="100"><subfield code="a">Lock, R.N</subfield></datafield><datafield ind1=" " ind2=" " tag="245"><subfield code="a">Library administration</subfield></datafield><datafield ind1=" " ind2=" " tag="260"><subfield code="a">London, Crosby Cockwood &amp; Son.Ltd., 1961. X+132p</subfield></datafield><datafield ind1=" " ind2=" " tag="852"><subfield code="a">16828</subfield></datafield></record></collection>